% Tese de Doutorado
@PHDTHESIS{hagelback12,
  AUTHOR = {Johan Hagelb\"ack},
  TITLE = {A Multiagent Potential Field-Based Bot for Real-Time Strategy Game},
  SCHOOL = {Blekinge Institute of Technology},
  YEAR = {2012},
  address = {Karlskrona, Su\'ecia},
  publisher = {Blekinge Institute of Technology},
  month = Jan
}
@conference {weber11,
  title = {A Particle Model for State Estimation in Real-Time Strategy Games},
  booktitle = {Proceedings of the Seventh AAAI Conference on Artificial Intelligence and Interactive Digital Entertainment (AIIDE-11)},
  year = {2011},
  pages = {103-108},
  publisher = {AAAI Press},
  organization = {AAAI Press},
  address = {Stanford, Palo Alto, California},
  keywords = {EIS},
  attachments = {https://games.soe.ucsc.edu/sites/default/files/weber-aiide2011.pdf},
  author = {Ben G. Weber and Micheal Mateas and Arnav Jhala}
}
@conference {weberm11,
  title = {Building Human-Level AI for Real-Time Strategy Games},
  booktitle = {Proceedings of the AAAI Fall Symposium on Advances in Cognitive Systems},
  year = {2011},
  publisher = {AAAI Press},
  organization = {AAAI Press},
  address = {Stanford, Palo Alto, California},
  author = {Ben G. Weber and Micheal Mateas and Arnav Jhala}
}
@conference {uriarte12,
  title = {Kiting in RTS Games Using Influence Maps},
  booktitle = {Artificial Intelligence in Adversarial Real-Time Games: Papers from the 2012 AIIDE Workshop},
  year = {2012},
  pages = {31-36},
  publisher = {AAAI Press},
  organization = {AAAI Press},
  address = {Stanford, Palo Alto, California},
  author = {Alberto Uriarte and Santiago Onta{\~n}{\'o}n}
}
@article{ontanon13,
  title={A Survey of Real-Time Strategy Game AI Research and Competition in StarCraft},
  author={Onta{\~n}{\'o}n, Santiago and Synnaeve, Gabriel and Uriarte, Alberto and Richoux, Florian and Churchill, David and Preuss, Mike},
  journal={IEEE Transactions on Computational Intelligence and AI in Games},
  year=2013,
  volume=5,
  number=4,
  pages={293-311},
  publisher={IEEE}
}
@InProceedings{buro03,
  title={Real-Time Strategy Games: A New AI Research Challenge},
  author={Michael Buro},
  booktitle={2003 International Joint Conference on Artificial Intelligence Proceedings},
  year=2003,
  pages={1534-1535}
}
@article{graft09,
  title={Blizzard Confirms One ``Frontline Release'' for '09},
  author={Kris Graft},
  year=2009,
  month=Feb,
  day=12,
  url = {http://www.edge-online.com/news/blizzard-confirms-one-frontline-release-09/}
}
@article{bouzy2001computer,
  title={Computer Go: an AI oriented survey},
  author={Bouzy, Bruno and Cazenave, Tristan},
  journal={Artificial Intelligence},
  volume={132},
  number={1},
  pages={39--103},
  year={2001},
  publisher={Elsevier}
}
@MasterThesis{sajjad11,
  AUTHOR = {Muhammad Sajjad and Muhammad Mansur-ul-Islam},
  TITLE = {Asymmetric Potential Fields: Implementation of Asymmetric Potential Fields in Real Time Strategy Game},
  SCHOOL = {School of Computing, Blekinge Institute of Technology},
  YEAR = {2011},
  address = {Karlskrona, Su\'ecia},
  publisher = {Blekinge Institute of Technology},
  month =        Jan
}

%È
@article{certicky13,
  title={Implementing a wall-in building placement in starcraft with declarative programming},
  author={\v{C}ertick{\'y}, Michal}, 
  journal={arXiv preprint arXiv:1306.4460},
  year={2013}
}
@article{cirulis95,
  title={Earth in Flames},
  author={Martin E. Cirulis},
  journal={Computer Gaming World},
  year=1995,
  month=Dec,
  number=137,
  pages={352-356}
}

@Book{russelnorvig,
  author =       {Stuart Russel and Peter Norvig},
  title =        {Artificial Intelligence: A Modern Approach},
  publisher =    {Pearson Education},
  year =         {2010},
  edition =      {3th}
}

@conference{perkins10,
  author = {Luke Perkins},
  title = {Terrain Analysis in Real-Time Strategy Games: An Integrated Approach to Choke Point Detection and Region Decomposition},
  booktitle = {Proceedings of the Sixth AAAI Conference on Artificial Intelligence and Interactive Digital Entertainment (AIIDE-10)},
  year = {2010},
  publisher = {AAAI Press},
  organization = {AAAI Press},
  address = {Stanford, Palo Alto, California},
  pages = {168-173},
  url = {http://aaai.org/ocs/index.php/AIIDE/AIIDE10/paper/view/2114}
}

@InProceedings{weber09,
  author = {B. G. Weber and M. Mateas},
  year = {2009},
  title = {A data mining approach to strategy prediction},
  booktitle = {2009 IEEE Symposium on Computational Intelligence and Games},
  publisher = {IEEE Press},
  pages = {140-147}
}

@InProceedings{hsieh08,
  author = {J. L. Hsieh and C. T. Sun},
  year = {2008},
  title = {Building a player strategy model by analyzing replays of real-time strategy games},
  booktitle = {Proceedings of the International Joint Conference on Neural Networks},
  pages = {3106-3111}
}

@InProceedings{deres11,
  author = {E. W. Dereszynski and J. Hostetler and A. Fern and T. G. Dietterich and T.T Hoang and M. Udarbe},
  title = {Learning probabilistic behavior models in real-time strategy games},
  booktitle = {Artificial Intelligence and Interactive Digital Entertainment (AIIDE)},
  year = {2011}
}

@InProceedings{synn11,
  author = {G. Synnaeve and P. Bessi{\`e}re},
  year = {2011},
  title = {A bayesian model for opening prediction in RTS games with application to StarCraft},
  booktitle = {2011 IEEE Symposium on Computational Intelligence and Games},
  publisher = {IEEE Press},
  pages = {281-288}
}

@InProceedings{synn12,
  author = {G. Synnaeve and P. Bessi{\`e}re},
  year = {2012},
  title = {Special tactics: a bayesian approach to tactical decision-making},
  booktitle = {2012 IEEE Symposium on Computational Intelligence and Games},
  publisher = {IEEE Press},
  pages = {409-416}
}

@InProceedings{young12,
  author = {J. Young and N. Hawes},
  year = {2012},
  title = {Evolutionary learning of goal priorities in a real-time strategy game},
  booktitle = {Proceedings of the Eighth AAAI Conference on Artificial Intelligence and Interactive Digital Entertainment (AIIDE-12)},
  pages = {87-92}
}

@InProceedings{wender12,
  author = {S. Wender and I. Watson},
  year = {2012},
  title = {Applying reinforcement learning to small scale combat in the real-time strategy game StarCraft: Broodwar},
  booktitle = {2012 IEEE Symposium on Computational Intelligence and Games},
  publisher = {IEEE Press},
  pages = {402-408}
}

@article{cadena11,
  title={Fuzzy case-based reasoning for managing strategic and tactical reasoning in StarCraft},
  author={P. Cadena and L. Garrido},
  journal={MICAI (1)},
  year=2011,
  volume=7094,
  pages={113-124},
  publisher={Springer}
}
